<record><leader>00000cas a22000007a 4500</leader><controlfield tag="001">9356280</controlfield><controlfield tag="008">830329d188418uuohuwr ne      0    0eng d</controlfield><datafield ind1=" " ind2=" " tag="010"><subfield code="a">sn 83035027 </subfield></datafield><datafield ind1=" " ind2=" " tag="040"><subfield code="a">NPY</subfield><subfield code="b">eng</subfield><subfield code="c">NPY</subfield><subfield code="d">ONP</subfield><subfield code="d">OCLCQ</subfield></datafield><datafield ind1=" " ind2=" " tag="042"><subfield code="a">msc</subfield></datafield><datafield ind1="0" ind2=" " tag="130"><subfield code="a">Cleveland journal (Cleveland, Ohio : 1884)</subfield></datafield><datafield ind1="1" ind2="0" tag="245"><subfield code="a">Cleveland journal.</subfield></datafield><datafield ind1="3" ind2="0" tag="246"><subfield code="a">Cleveland Sunday journal</subfield></datafield><datafield ind1="1" ind2="7" tag="246"><subfield code="a">Sunday journal</subfield></datafield><datafield ind1=" " ind2=" " tag="260"><subfield code="a">Cleveland [Ohio] :</subfield><subfield code="b">Journal Pub. Co.</subfield></datafield><datafield ind1=" " ind2=" " tag="300"><subfield code="a">v. :</subfield><subfield code="b">ill. ;</subfield><subfield code="c">56 cm.</subfield></datafield><datafield ind1=" " ind2=" " tag="310"><subfield code="a">Weekly</subfield></datafield><datafield ind1="1" ind2=" " tag="362"><subfield code="a">Began in 1884.</subfield><subfield code="z">Cf. Ayer, 1892.</subfield></datafield><datafield ind1=" " ind2=" " tag="500"><subfield code="a">"Only Democratic Sunday paper in Northern Ohio."</subfield></datafield><datafield ind1=" " ind2=" " tag="588"><subfield code="a">Description based on: Vol. 1, no. 20 (Aug. 3, 1884).</subfield></datafield><datafield ind1=" " ind2=" " tag="752"><subfield code="a">United States</subfield><subfield code="b">Ohio</subfield><subfield code="c">Cuyahoga</subfield><subfield code="d">Cleveland.</subfield></datafield></record>